<?xml version="1.0" encoding="UTF-8"?><collection xmlns="http://www.loc.gov/MARC21/slim"><record><leader>00378nam--2200133-i-4500</leader><controlfield tag="001">000021331</controlfield><controlfield tag="002">20161230</controlfield><controlfield tag="005">20161230201034</controlfield><controlfield tag="008">060222s1000------------r-----000-0-eng-d</controlfield><datafield ind1=" " ind2=" " tag="080"><subfield code="a">621.392(021)=2</subfield></datafield><datafield ind1=" " ind2=" " tag="100"><subfield code="a">Everitt, William Littell</subfield></datafield><datafield ind1=" " ind2=" " tag="245"><subfield code="a">Communication engineering.second edition</subfield></datafield><datafield ind1=" " ind2=" " tag="260"><subfield code="a">New York, London, Mcgraw-hill Book Company, Inc., 1937.X + 728p</subfield></datafield><datafield ind1=" " ind2=" " tag="852"><subfield code="a">720</subfield></datafield></record></collection>